@article{mannini,
  title={Machine learning methods for classifying human physical activity from on-body accelerometers},
  author={Mannini, Andrea and Sabatini, Angelo Maria},
  journal={Sensors},
  volume={10},
  number={2},
  pages={1154--1175},
  year={2010},
  publisher={Molecular Diversity Preservation International}
}


@article{attal,
  title={Physical human activity recognition using wearable sensors},
  author={Attal, Ferhat and Mohammed, Samer and Dedabrishvili, Mariam and Chamroukhi, Faicel and Oukhellou, Latifa and Amirat, Yacine},
  journal={Sensors},
  volume={15},
  number={12},
  pages={31314--31338},
  year={2015},
  publisher={Multidisciplinary Digital Publishing Institute}
}

@inproceedings{khan,
  title={Human activity recognition via an accelerometer-enabled-smartphone using kernel discriminant analysis},
  author={Khan, Adil Mehmood and Lee, Y-K and Lee, SY and Kim, T-S},
  booktitle={2010 5th International Conference on Future Information Technology},
  pages={1--6},
  year={2010},
  organization={IEEE}
}



@inproceedings{casale,
  title={Human activity recognition from accelerometer data using a wearable device},
  author={Casale, Pierluigi and Pujol, Oriol and Radeva, Petia},
  booktitle={Iberian Conference on Pattern Recognition and Image Analysis},
  pages={289--296},
  year={2011},
  organization={Springer}
}

@article{bulling,
  title={A tutorial on human activity recognition using body-worn inertial sensors},
  author={Bulling, Andreas and Blanke, Ulf and Schiele, Bernt},
  journal={ACM Computing Surveys (CSUR)},
  volume={46},
  number={3},
  pages={33},
  year={2014},
  publisher={ACM}
}
